%% This document is a bibtex export of HAL publication
%% Date of the export : 
%% Criteria : Author : 

%%
%% 
%% 
%%

@article{,
  AUTHOR = {},
  TITLE = {{}},
  JOURNAL = {{}},
  PUBLISHER = {},
  VOLUME = {},
  NUMBER = {},
  PAGES = {},
  YEAR = {},
  MONTH = ,
  KEYWORDS = {},
  DOI = {},
  URL = {}
}
%% 
%% 
%%

@inproceedings{,
  AUTHOR = {},
  TITLE = {{}},
  BOOKTITLE = {{}},
  YEAR = {},
  EDITOR = {},
  KEYWORDS = {},
  ADDRESS = {},
  MONTH = ,
  URL = {}
}

%% 
%% 
%%

@misc{,
  AUTHOR = {},
  TITLE = {{}},
  YEAR = {},
  MONTH = ,
  KEYWORDS = {},
  NOTE = {},
  URL = {}
}
%% 
%% 
%%

@techreport{,
  AUTHOR = {},
  TITLE = {{}},
  TYPE = {},
  YEAR = {},
  MONTH = ,
  INSTITUTION = {},
  NUMBER = {},
  URL = {}
}
